%% This BibTeX bibliography file was created using BibDesk.
%% http://bibdesk.sourceforge.net/


%% Created for Nathan Manohar at 2017-05-18 00:06:38 -0700 


%% Saved with string encoding Unicode (UTF-8) 



@inproceedings{Okamoto,
	Author = {Tatsuaki Okamoto and Shigenori Uchiyama and Eiichiro Fujisaki},
	Date-Added = {2017-05-18 07:05:52 +0000},
	Date-Modified = {2017-05-18 07:06:38 +0000},
	Title = {EPOC: Efficient Probabilistic Public-Key Encryption (Submission to P1363a)},
	Year = {1998}}
